@ARTICLE{ARTICLE:1,
    author = "Christoffer Olling Back, SÃ¸ren Debois, Tijs Slaats",
    title = "{Entropy as a Measure of Log Variability}",
    journal = "Data Semantics",
    year = "2019",
    DOI = "https://link.springer.com/article/10.1007%2Fs13740-019-00105-3"
}

@MISC{WEBSITE:1,
	HOWPUBLISHED = "\url{https://en.wikipedia.org/wiki/Levenshtein_distance}",
	TITLE = "Levenshtein distance",
	NOTE = "Accessed on 2020-02-11"
}









